@Book{xie2015,
  title = {Dynamic Documents with {R} and knitr},
  author = {Yihui Xie},
  publisher = {Chapman and Hall/CRC},
  address = {Boca Raton, Florida},
  year = {2015},
  edition = {2nd},
  note = {ISBN 978-1498716963},
  url = {http://yihui.org/knitr/},
}

@article{bassett2000,
	title = {Limiting factors for maximum oxygen uptake and determinants of endurance performance},
	author = {{Bassett}, {D. R.} and {Howley}, {E. T.}},
	year = {2000},
	month = {01},
	date = {2000-01},
	journal = {Medicine and Science in Sports and Exercise},
	pages = {70--84},
	volume = {32},
	number = {1},
	doi = {10.1097/00005768-200001000-00012},
	note = {PMID: 10647532},
	langid = {eng}
}

@article{hill1923,
	title = {Muscular Exercise, Lactic Acid, and the Supply and Utilization of Oxygen},
	author = {{Hill}, {A. V.} and {Lupton}, {H.}},
	year = {1923},
	month = {01},
	date = {1923-01-01},
	journal = {QJM},
	pages = {135--171},
	volume = {os-16},
	number = {62},
	doi = {10.1093/qjmed/os-16.62.135},
	url = {https://academic.oup.com/qjmed/article-lookup/doi/10.1093/qjmed/os-16.62.135},
	langid = {en}
}

@article{tønnessen2017,
	title = {Utholdenhetstester ved Olympiatoppen},
	author = {{Tønnessen}, {Espen} and {Hem}, {Erlend} and {Svendsen}, {Ida} and {Larsen}, {Eirik V.} and {Skaugen}, {Martin} and {Solbakken}, {Elisabeth}},
	year = {2017},
	date = {2017},
	url = {https://www.olympiatoppen.no/fagomraader/trening/testing/testing_av_utholdenhet/media53703.media}
}

@article{halperin2015,
	title = {Threats to internal validity in exercise science: a review of overlooked confounding variables},
	author = {{Halperin}, {Israel} and {Pyne}, {David B.} and {Martin}, {David T.}},
	year = {2015},
	month = {10},
	date = {2015-10},
	journal = {International Journal of Sports Physiology and Performance},
	pages = {823--829},
	volume = {10},
	number = {7},
	doi = {10.1123/ijspp.2014-0566},
	note = {PMID: 25756869},
	langid = {eng}
}

@article{borg1982,
	title = {Psychophysical bases of perceived exertion},
	author = {{Borg}, {G. A.}},
	year = {1982},
	date = {1982},
	journal = {Medicine and Science in Sports and Exercise},
	pages = {377--381},
	volume = {14},
	number = {5},
	note = {PMID: 7154893},
	langid = {eng}
}

@article{hopkins2000,
	title = {Measures of reliability in sports medicine and science},
	author = {{Hopkins}, {W. G.}},
	year = {2000},
	month = {07},
	date = {2000-07},
	journal = {Sports Medicine (Auckland, N.Z.)},
	pages = {1--15},
	volume = {30},
	number = {1},
	doi = {10.2165/00007256-200030010-00001},
	note = {PMID: 10907753},
	langid = {eng}
}

@article{robertson2010,
	title = {Reproducibility of performance changes to simulated live high/train low altitude},
	author = {{Robertson}, {Eileen Y.} and {Saunders}, {Philo U.} and {Pyne}, {David B.} and {Aughey}, {Robert J.} and {Anson}, {Judith M.} and {Gore}, {Christopher J.}},
	year = {2010},
	month = {02},
	date = {2010-02},
	journal = {Medicine and Science in Sports and Exercise},
	pages = {394--401},
	volume = {42},
	number = {2},
	doi = {10.1249/MSS.0b013e3181b34b57},
	note = {PMID: 19927018},
	langid = {eng}
}

@article{saunders2009,
	title = {Improved running economy and increased hemoglobin mass in elite runners after extended moderate altitude exposure},
	author = {{Saunders}, {P. U.} and {Telford}, {R. D.} and {Pyne}, {D. B.} and {Hahn}, {A. G.} and {Gore}, {C. J.}},
	year = {2009},
	month = {01},
	date = {2009-01},
	journal = {Journal of Science and Medicine in Sport},
	pages = {67--72},
	volume = {12},
	number = {1},
	doi = {10.1016/j.jsams.2007.08.014},
	note = {PMID: 18069063},
	langid = {eng}
}

@article{clark2007,
	title = {The effect of acute simulated moderate altitude on power, performance and pacing strategies in well-trained cyclists},
	author = {{Clark}, {Sally A.} and {Bourdon}, {P. C.} and {Schmidt}, {W.} and {Singh}, {B.} and {Cable}, {G.} and {Onus}, {K. J.} and {Woolford}, {S. M.} and {Stanef}, {T.} and {Gore}, {C. J.} and {Aughey}, {R. J.}},
	year = {2007},
	month = {12},
	date = {2007-12},
	journal = {European Journal of Applied Physiology},
	pages = {45--55},
	volume = {102},
	number = {1},
	doi = {10.1007/s00421-007-0554-0},
	note = {PMID: 17882451},
	langid = {eng}
}


@book{okasha2016,
	title = {Philosophy of science: a very short introduction},
	author = {{Okasha}, {Samir}},
	year = {2016},
	date = {2016},
	publisher = {University Press},
	series = {Very short introductions},
	volume = {67},
	edition = {Second edition.},
	address = {Oxford},
	langid = {eng}
}

@book{popper2002,
	title = {Conjectures and refutations: the growth of scientific knowledge},
	author = {{Popper}, {Karl R.}},
	year = {2002},
	date = {2002},
	publisher = {Routledge},
	series = {Routledge classics},
	address = {London ; New York}
}

@book{hempel1966,
	title = {Philosophy Of Natural Science},
	author = {{Hempel}, {Carl G.}},
	year = {1966},
	date = {1966},
	publisher = {Prentice Hall},
	langid = {English}
}

@book{peirce1992,
	title = {The essential Peirce: selected philosophical writings},
	author = {{Peirce}, {Charles S.} and {Houser}, {Nathan} and {Kloesel}, {Christian J. W.}},
	year = {1992},
	date = {1992},
	publisher = {Indiana University Press},
	address = {Bloomington}
}

@misc{persson2019,
	title = {Abduksjon: Metoden for å finne den beste forklaringen},
	author = {{Persson}, {Charlotte Price}},
	year = {2019},
	month = {04},
	date = {2019-04-03},
	url = {https://forskning.no/a/1317339},
	note = {Section: kultur},
	langid = {nb-no}
}

@article{begley2012,
	title = {Raise standards for preclinical cancer research},
	author = {{Begley}, {C. Glenn} and {Ellis}, {Lee M.}},
	year = {2012},
	month = {03},
	date = {2012-03},
	journal = {Nature},
	pages = {531--533},
	volume = {483},
	number = {7391},
	doi = {10.1038/483531a},
	url = {https://www.nature.com/articles/483531a},
	note = {Bandiera{\_}abtest: a
Cg{\_}type: Nature Research Journals
Number: 7391
Primary{\_}atype: Comments & Opinion
Publisher: Nature Publishing Group
Subject{\_}term: Cancer;Drug development
Subject{\_}term{\_}id: cancer;drug-development},
	langid = {en}
}

@article{ioannidis2005,
	title = {Why Most Published Research Findings Are False},
	author = {{Ioannidis}, {John P. A.}},
	year = {2005},
	month = {08},
	date = {2005-08-30},
	journal = {PLOS Medicine},
	pages = {e124},
	volume = {2},
	number = {8},
	doi = {10.1371/journal.pmed.0020124},
	url = {https://journals.plos.org/plosmedicine/article?id=10.1371/journal.pmed.0020124},
	note = {Publisher: Public Library of Science},
	langid = {en}
}

@article{opensciencecollaboration2015,
	title = {Estimating the reproducibility of psychological science},
	author = {{Open Science Collaboration}, {}},
	year = {2015},
	month = {08},
	date = {2015-08-28},
	journal = {Science},
	pages = {aac4716},
	volume = {349},
	number = {6251},
	doi = {10.1126/science.aac4716},
	url = {https://www.science.org/doi/10.1126/science.aac4716},
	note = {Publisher: American Association for the Advancement of Science}
}

@article{funk2016,
	title = {The politics of climate},
	author = {{Funk}, {Cary} and {Kennedy}, {Brian}},
	year = {2016},
	month = {10},
	date = {2016-10-04},
	note = {Pew Research Center},
	langid = {en}
}

@article{baker2016,
	title = {1,500 scientists lift the lid on reproducibility},
	author = {{Baker}, {Monya}},
	year = {2016},
	month = {05},
	date = {2016-05-01},
	journal = {Nature},
	pages = {452--454},
	volume = {533},
	number = {7604},
	doi = {10.1038/533452a},
	url = {https://www.nature.com/articles/533452a},
	note = {Bandiera{\_}abtest: a
Cg{\_}type: Nature Research Journals
Number: 7604
Primary{\_}atype: News
Publisher: Nature Publishing Group
Subject{\_}term: Peer review;Publishing;Research management
Subject{\_}term{\_}id: peer-review;publishing;research-management},
	langid = {en}
}

@article{bird2020,
	title = {Understanding the Replication Crisis as a Base Rate Fallacy},
	author = {{Bird}, {Alexander}},
	year = {2020},
	month = {12},
	date = {2020-12-17},
	journal = {The British Journal for the Philosophy of Science},
	pages = {000--000},
	doi = {10.1093/bjps/axy051},
	url = {https://www.journals.uchicago.edu/doi/full/10.1093/bjps/axy051},
	note = {Publisher: The University of Chicago Press}
}

@misc{statistisksentralbyrå2019,
	title = {Styrketrening stadig mer populært},
	author = {{Statistisk sentralbyrå}, {}},
	year = {2019},
	month = {10},
	date = {2019-10-03},
	url = {https://www.ssb.no/kultur-og-fritid/artikler-og-publikasjoner/styrketrening-stadig-mer-populaert},
	langid = {no}
}

@article{galvão2005,
	title = {Resistance Exercise Dosage in Older Adults: Single- Versus Multiset Effects on Physical Performance and Body Composition},
	author = {{Galvão}, {Daniel A.} and {Taaffe}, {Dennis R.}},
	year = {2005},
	date = {2005},
	journal = {Journal of the American Geriatrics Society},
	pages = {2090--2097},
	volume = {53},
	number = {12},
	doi = {10.1111/j.1532-5415.2005.00494.x},
	url = {http://onlinelibrary.wiley.com/doi/abs/10.1111/j.1532-5415.2005.00494.x},
	note = {{\_}eprint: https://agsjournals.onlinelibrary.wiley.com/doi/pdf/10.1111/j.1532-5415.2005.00494.x},
	langid = {en}
}

@article{hass2000,
	title = {Single versus multiple sets in long-term recreational weightlifters},
	author = {{Hass}, {Chris J.} and {Garzarella}, {Linda} and {De Hoyos}, {Diego} and {Pollock}, {Michael L.}},
	year = {2000},
	month = {01},
	date = {2000-01},
	journal = {Medicine & Science in Sports & Exercise},
	pages = {235},
	volume = {32},
	number = {1},
	url = {https://journals.lww.com/acsm-msse/Fulltext/2000/01000/Single_versus_multiple_sets_in_long_term.35.aspx},
	langid = {canadian}
}

@article{krieger2009,
	title = {Single Versus Multiple Sets of Resistance Exercise: A Meta-Regression},
	author = {{Krieger}, {James W.}},
	year = {2009},
	month = {09},
	date = {2009-09},
	journal = {The Journal of Strength & Conditioning Research},
	pages = {1890{\textendash}1901},
	volume = {23},
	number = {6},
	doi = {10.1519/JSC.0b013e3181b370be},
	url = {https://journals.lww.com/nsca-jscr/Fulltext/2009/09000/Single_Versus_Multiple_Sets_of_Resistance.37.aspx},
	langid = {canadian}
}

@article{radaelli2014,
	title = {Effects of single vs. multiple-set short-term strength training in elderly women},
	author = {{Radaelli}, {Regis} and {Wilhelm}, {Eurico N.} and {Botton}, {Cíntia E.} and {Rech}, {Anderson} and {Bottaro}, {Martim} and {Brown}, {Lee E.} and {Pinto}, {Ronei S.}},
	year = {2014},
	month = {10},
	date = {2014-10-31},
	journal = {AGE},
	pages = {9720},
	volume = {36},
	number = {6},
	doi = {10.1007/s11357-014-9720-6},
	url = {https://doi.org/10.1007/s11357-014-9720-6},
	langid = {en}
}

@article{schoenfeld2019,
	title = {Resistance Training Volume Enhances Muscle Hypertrophy but Not Strength in Trained Men},
	author = {{Schoenfeld}, {Brad J.} and {Contreras}, {Bret} and {Krieger}, {James} and {Grgic}, {Jozo} and {Delcastillo}, {Kenneth} and {Belliard}, {Ramon} and {Alto}, {Andrew}},
	year = {2019},
	month = {01},
	date = {2019-01},
	journal = {Medicine & Science in Sports & Exercise},
	pages = {94{\textendash}103},
	volume = {51},
	number = {1},
	doi = {10.1249/MSS.0000000000001764},
	url = {https://journals.lww.com/acsm-msse/Fulltext/2019/01000/Resistance_Training_Volume_Enhances_Muscle.13.aspx},
	langid = {canadian}
}

@article{schoenfeld2016,
	title = {Effects of Resistance Training Frequency on Measures of Muscle Hypertrophy: A Systematic Review and Meta-Analysis},
	author = {{Schoenfeld}, {Brad J.} and {Ogborn}, {Dan} and {Krieger}, {James W.}},
	year = {2016},
	month = {11},
	date = {2016-11-01},
	journal = {Sports Medicine},
	pages = {1689--1697},
	volume = {46},
	number = {11},
	doi = {10.1007/s40279-016-0543-8},
	url = {https://doi.org/10.1007/s40279-016-0543-8},
	langid = {en}
}

@article{rønnestad2007,
	title = {Dissimilar effects of one- and three-set strength training on strength and muscle mass gains in upper and lower body in untrained subjects},
	author = {{Rønnestad}, {Bent R.} and {Egeland}, {Wilhelm} and {Kvamme}, {Nils H.} and {Refsnes}, {Per E.} and {Kadi}, {Fawzi} and {Raastad}, {Truls}},
	year = {2007},
	month = {02},
	date = {2007-02},
	journal = {Journal of Strength and Conditioning Research},
	pages = {157--163},
	volume = {21},
	number = {1},
	doi = {10.1519/00124278-200702000-00028},
	note = {PMID: 17313291},
	langid = {eng}
}

@article{paulsen2003,
	title = {The influence of volume of exercise on early adaptations to strength training},
	author = {{Paulsen}, {Gøran} and {Myklestad}, {Dag} and {Raastad}, {Truls}},
	year = {2003},
	month = {02},
	date = {2003-02},
	journal = {Journal of Strength and Conditioning Research},
	pages = {115--120},
	volume = {17},
	number = {1},
	doi = {10.1519/1533-4287(2003)017<0115:tiovoe>2.0.co;2},
	note = {PMID: 12580666},
	langid = {eng}
}

@article{kraemer1999,
	title = {Effects of heavy-resistance training on hormonal  response patterns in younger vs. older men},
	author = {{Kraemer}, {William J.} and {Häkkinen}, {Keijo} and {Newton}, {Robert U.} and {Nindl}, {Bradley C.} and {Volek}, {Jeff S.} and {McCormick}, {Matthew} and {Gotshalk}, {Lincoln A.} and {Gordon}, {Scott E.} and {Fleck}, {Steven J.} and {Campbell}, {Wayne W.} and {Putukian}, {Margot} and {Evans}, {William J.}},
	year = {1999},
	month = {09},
	date = {1999-09-01},
	journal = {Journal of Applied Physiology},
	pages = {982--992},
	volume = {87},
	number = {3},
	doi = {10.1152/jappl.1999.87.3.982},
	url = {https://journals.physiology.org/doi/full/10.1152/jappl.1999.87.3.982},
	note = {Publisher: American Physiological Society}
}

@article{moore2015,
	title = {Protein Ingestion to Stimulate Myofibrillar Protein Synthesis Requires Greater Relative Protein Intakes in Healthy Older Versus Younger Men},
	author = {{Moore}, {Daniel R.} and {Churchward-Venne}, {Tyler A.} and {Witard}, {Oliver} and {Breen}, {Leigh} and {Burd}, {Nicholas A.} and {Tipton}, {Kevin D.} and {Phillips}, {Stuart M.}},
	year = {2015},
	month = {01},
	date = {2015-01-01},
	journal = {The Journals of Gerontology: Series A},
	pages = {57--62},
	volume = {70},
	number = {1},
	doi = {10.1093/gerona/glu103},
	url = {https://doi.org/10.1093/gerona/glu103}
}

@article{geirsdottir2012,
	title = {Physical function predicts improvement in quality of life in elderly icelanders after 12 weeks of resistance exercise},
	author = {{Geirsdottir}, {Olof Gudny} and {Arnarson}, {A.} and {Briem}, {K.} and {Ramel}, {A.} and {Tomasson}, {K.} and {Jonsson}, {P. V.} and {Thorsdottir}, {I.}},
	year = {2012},
	month = {01},
	date = {2012-01-01},
	journal = {The journal of nutrition, health & aging},
	pages = {62--66},
	volume = {16},
	number = {1},
	doi = {10.1007/s12603-011-0076-7},
	url = {https://doi.org/10.1007/s12603-011-0076-7},
	langid = {en}
}

@article{schott2019,
	title = {Effects of free weights and machine training on muscular strength in high-functioning older adults},
	author = {{Schott}, {Nadja} and {Johnen}, {Bettina} and {Holfelder}, {Benjamin}},
	year = {2019},
	month = {07},
	date = {2019-07-15},
	journal = {Experimental Gerontology},
	pages = {15--24},
	volume = {122},
	doi = {10.1016/j.exger.2019.03.012},
	url = {https://www.sciencedirect.com/science/article/pii/S0531556518307952},
	langid = {en}
}

@article{turpela2017,
	title = {Effects of different strength training frequencies on maximum strength, body composition and functional capacity in healthy older individuals},
	author = {{Turpela}, {Mari} and {Häkkinen}, {Keijo} and {Haff}, {Guy Gregory} and {Walker}, {Simon}},
	year = {2017},
	month = {11},
	date = {2017-11-01},
	journal = {Experimental Gerontology},
	pages = {13--21},
	volume = {98},
	doi = {10.1016/j.exger.2017.08.013},
	url = {https://www.sciencedirect.com/science/article/pii/S0531556517303315},
	langid = {en}
}

@article{vikberg2019,
	title = {Effects of Resistance Training on Functional Strength and Muscle Mass in 70-Year-Old Individuals With Pre-sarcopenia: A Randomized Controlled Trial},
	author = {{Vikberg}, {Sanna} and {Sörlén}, {Niklas} and {Brandén}, {Lisa} and {Johansson}, {Jonas} and {Nordström}, {Anna} and {Hult}, {Andreas} and {Nordström}, {Peter}},
	year = {2019},
	month = {01},
	date = {2019-01-01},
	journal = {Journal of the American Medical Directors Association},
	pages = {28--34},
	volume = {20},
	number = {1},
	doi = {10.1016/j.jamda.2018.09.011},
	url = {https://www.sciencedirect.com/science/article/pii/S1525861018305024},
	langid = {en}
}

@article{vincent2002,
	title = {Resistance Exercise and Physical Performance in Adults Aged 60 to 83},
	author = {{Vincent}, {Kevin R.} and {Braith}, {Randy W.} and {Feldman}, {Ross A.} and {Magyari}, {Pete M.} and {Cutler}, {Rachel B.} and {Persin}, {Stephanie A.} and {Lennon}, {Shannon L.} and {Md}, {Abdel H. Gabr} and {Lowenthal}, {David T.}},
	year = {2002},
	date = {2002},
	journal = {Journal of the American Geriatrics Society},
	pages = {1100--1107},
	volume = {50},
	number = {6},
	doi = {10.1046/j.1532-5415.2002.50267.x},
	url = {http://onlinelibrary.wiley.com/doi/abs/10.1046/j.1532-5415.2002.50267.x},
	note = {{\_}eprint: https://agsjournals.onlinelibrary.wiley.com/doi/pdf/10.1046/j.1532-5415.2002.50267.x},
	langid = {en}
}

@book{hulley2013,
	title = {Designing clinical research},
	editor = {{Hulley}, {Stephen B.}},
	year = {2013},
	date = {2013},
	publisher = {Wolters Kluwer/Lippincott Williams & Wilkins},
	edition = {4th ed},
	address = {Philadelphia}
}
